<record xmlns="http://www.loc.gov/MARC21/slim" xmlns:xsi="http://www.w3.org/2001/XMLSchema-instance" xsi:schemaLocation="http://www.loc.gov/MARC21/slim http://www.loc.gov/standards/marcxml/schema/MARC21slim.xsd"><leader>02403nam a2200397   4500</leader><controlfield tag="001">1923708</controlfield><controlfield tag="003">NIC</controlfield><controlfield tag="006">m        d        </controlfield><controlfield tag="007">cr cn |||m|||a</controlfield><controlfield tag="008">150223m19541960ua h    ob   f001 0 ara d</controlfield><datafield ind1=" " ind2=" " tag="040"><subfield code="a">NNU</subfield><subfield code="b">eng</subfield><subfield code="c">NNU</subfield></datafield><datafield ind1="1" ind2=" " tag="100"><subfield code="6">880-01</subfield><subfield code="a">Ibn Jinni&#772;, Abu&#772; al-Fath&#803; &#699;Uthma&#772;n,</subfield><subfield code="d">-1002.</subfield></datafield><datafield ind1="1" ind2="3" tag="245"><subfield code="6">880-02</subfield><subfield code="a">Muns&#803;if</subfield><subfield code="h">[electronic resource] /</subfield><subfield code="c">sharh&#803; Abi&#772; al-Fath&#803; &#699;Uthma&#772;n ibn Jinni&#772; al-Nah&#803;wi&#772; li-kita&#772;b al-Tas&#803;ri&#772;f li-Abi&#772; &#699;Uthma&#772;n al-Ma&#772;zini&#772; al-Nah&#803;wi&#772; al-Bas&#803;ri&#772; ; bi-tah&#803;qi&#772;q Ibra&#772;him Mus&#803;t&#803;afa&#769;, &#699;Abd Alla&#772;h Ami&#772;n.</subfield></datafield><datafield ind1=" " ind2=" " tag="250"><subfield code="6">880-03</subfield><subfield code="a">al-T&#803;ab&#699;ah 1.</subfield></datafield><datafield ind1=" " ind2=" " tag="260"><subfield code="6">880-04</subfield><subfield code="a">Mis&#803;r :</subfield><subfield code="b">Wiza&#772;rat al-Ma&#699;a&#772;rif al-&#699;Umu&#772;mi&#772;yah,</subfield><subfield code="c">1954-1960.</subfield></datafield><datafield ind1=" " ind2=" " tag="300"><subfield code="a">online resource (3 v.) :</subfield><subfield code="b">facsims.</subfield></datafield><datafield ind1=" " ind2=" " tag="500"><subfield code="a">Part of the Arabic Collections Online (ACO) project, contributed by Cornell University Libraries.</subfield></datafield><datafield ind1=" " ind2=" " tag="504"><subfield code="a">Includes bibliographical references and indexes.</subfield></datafield><datafield ind1=" " ind2=" " tag="533"><subfield code="a">Electronic reproduction.</subfield><subfield code="b">New York, N.Y. :</subfield><subfield code="c">New York University,</subfield><subfield code="d">2015.</subfield><subfield code="5">NNU</subfield></datafield><datafield ind1="1" ind2="0" tag="600"><subfield code="6">880-05</subfield><subfield code="a">Ma&#772;zini&#772;, Abu&#772; &#699;Uthma&#772;n Bakr ibn Muh&#803;ammad,</subfield><subfield code="d">ca. 863.</subfield><subfield code="t">Kita&#772;b al-tas&#803;ri&#772;f.</subfield></datafield><datafield ind1=" " ind2="0" tag="650"><subfield code="a">Arabic language</subfield><subfield code="x">Grammar</subfield><subfield code="x">Early works to 1800.</subfield></datafield><datafield ind1="1" ind2=" " tag="700"><subfield code="6">880-06</subfield><subfield code="a">Mus&#803;t&#803;afa&#769;, Ibra&#772;hi&#772;m.</subfield></datafield><datafield ind1="1" ind2=" " tag="700"><subfield code="6">880-07</subfield><subfield code="a">Ami&#772;n, &#699;Abd Alla&#772;h.</subfield></datafield><datafield ind1="2" ind2=" " tag="710"><subfield code="a">Cornell University.</subfield><subfield code="b">Libraries.</subfield></datafield><datafield ind1="0" ind2=" " tag="730"><subfield code="a">Arabic Collections Online.</subfield></datafield><datafield ind1="0" ind2="8" tag="776"><subfield code="i">Print version:</subfield><subfield code="a">Ibn Jinni&#772;, Abu&#772; al-Fath&#803; &#699;Uthma&#772;n, -1002.</subfield><subfield code="t">Muns&#803;if</subfield><subfield code="w">(NIC)1923708</subfield><subfield code="w">(OCoLC)64025143</subfield></datafield><datafield ind1="4" ind2="0" tag="856"><subfield code="u">http://hdl.handle.net/2333.1/xsj3v0m7</subfield></datafield><datafield ind1="1" ind2=" " tag="880"><subfield code="6">100-01/r</subfield><subfield code="a">&#1575;&#1576;&#1606; &#1580;&#1606;&#1610;&#1548; &#1575;&#1576;&#1608; &#1575;&#1604;&#1601;&#1578;&#1581; &#1593;&#1579;&#1605;&#1575;&#1606;&#1548;</subfield><subfield code="d">-1002.</subfield></datafield><datafield ind1="1" ind2="2" tag="880"><subfield code="6">245-02/r</subfield><subfield code="a">&#1605;&#1606;&#1589;&#1601; /</subfield><subfield code="c">&#1588;&#1585;&#1581; &#1575;&#1576;&#1610; &#1575;&#1604;&#1601;&#1578;&#1581; &#1593;&#1579;&#1605;&#1575;&#1606; &#1576;&#1606; &#1580;&#1606;&#1610; &#1575;&#1604;&#1606;&#1581;&#1608;&#1610; &#1604;&#1603;&#1578;&#1575;&#1576; &#1575;&#1604;&#1578;&#1589;&#1585;&#1610;&#1601; &#1604;&#1575;&#1576;&#1610; &#1593;&#1579;&#1605;&#1575;&#1606; &#1575;&#1604;&#1605;&#1575;&#1586;&#1606;&#1610; &#1575;&#1604;&#1606;&#1581;&#1608;&#1610; &#1575;&#1604;&#1576;&#1589;&#1585;&#1610; &#1563; &#1576;&#1578;&#1581;&#1602;&#1610;&#1602; &#1575;&#1576;&#1585;&#1575;&#1607;&#1605; &#1605;&#1589;&#1591;&#1601;&#1609;&#1548; &#1593;&#1576;&#1583; &#1575;&#1604;&#1604;&#1607; &#1575;&#1605;&#1610;&#1606;.</subfield></datafield><datafield ind1=" " ind2=" " tag="880"><subfield code="6">250-03/r</subfield><subfield code="a">&#1575;&#1604;&#1591;&#1576;&#1593;&#1577; 1.</subfield></datafield><datafield ind1=" " ind2=" " tag="880"><subfield code="6">260-04/r</subfield><subfield code="a">&#1605;&#1589;&#1585; :</subfield><subfield code="b">&#1608;&#1586;&#1575;&#1585;&#1577; &#1575;&#1604;&#1605;&#1593;&#1575;&#1585;&#1601; &#1575;&#1604;&#1593;&#1605;&#1608;&#1605;&#1610;&#1577;&#1548;</subfield><subfield code="c">19541960.</subfield></datafield><datafield ind1="1" ind2="4" tag="880"><subfield code="6">600-05/r</subfield><subfield code="a">&#1605;&#1575;&#1586;&#1606;&#1610;&#1548; &#1575;&#1576;&#1608; &#1593;&#1579;&#1605;&#1575;&#1606; &#1576;&#1603;&#1585; &#1576;&#1606; &#1605;&#1581;&#1605;&#1583;&#1548;</subfield><subfield code="d">ca. 863.</subfield><subfield code="t">&#1603;&#1578;&#1575;&#1576; &#1575;&#1604;&#1578;&#1589;&#1585;&#1610;&#1601;.</subfield></datafield><datafield ind1="1" ind2=" " tag="880"><subfield code="6">700-06/r</subfield><subfield code="a">&#1605;&#1589;&#1591;&#1601;&#1609;&#1548; &#1575;&#1576;&#1585;&#1575;&#1607;&#1610;&#1605;.</subfield></datafield><datafield ind1="1" ind2=" " tag="880"><subfield code="6">700-07/r</subfield><subfield code="a">&#1575;&#1605;&#1610;&#1606;&#1548; &#1593;&#1576;&#1583; &#1575;&#1604;&#1604;&#1607;.</subfield></datafield><datafield ind1=" " ind2=" " tag="959"><subfield code="a">NNU</subfield><subfield code="b">WEB</subfield><subfield code="c">GENI</subfield><subfield code="t">0</subfield><subfield code="m">Electronic access</subfield><subfield code="s">01</subfield></datafield><datafield ind1=" " ind2=" " tag="999"><subfield code="i">NIC_1923708</subfield><subfield code="o">(OCoLC)ocm64025143</subfield><subfield code="s">cornell_aco000080:juz1</subfield><subfield code="s">cornell_aco000079:juz2</subfield><subfield code="s">cornell_aco000081:juz3</subfield></datafield></record>